@Misc{siam,
  key = {zzz},
  title =	 {{SIAM} Style Manual: For journals and books},
  year =	 2013,
url = {https://www.siam.org/journals/pdf/stylemanual.pdf}}


@misc{clawpack,
  title =	 {Clawpack Software},
  author =	 {{Clawpack Development Team}},
  url =		 {http://www.clawpack.org},
  urldate =	 {2015/05/14},
  note =	 {Version 5.2.2},
  year =	 2015
}

@Misc{AMSMSC2010,
  title =	 {{Mathematics Subject Classification}},
  author =	 {{American Mathematical Society}},
  year =	 {2010},
  url =		 {http://www.ams.org/mathscinet/msc/msc2010.html},
  urldate =	 {2015/03/29},
}


@book{La86,
  author =	 "Leslie Lamport",
  title =	 "\LaTeX: A Document Preparation System",
  publisher =	 "Addison--Wesley",
  year =	 "1986",
  address =	 "Reading, MA"
}

@Book{MiGo04,
  author =	 {Frank Mittlebach and Michel Goossens},
  title =	 {The \LaTeX\ Companion},
  publisher =	 {Addison--Wesley},
  year =	 2004,
  edition =	 {2nd}}

@Book{GoVa13,
  author =	 {Golub, Gene H. and Van Loan, Charles F.},
  title =	 {Matrix Computations},
  publisher =	 {The Johns Hopkins University Press},
  address =	 {Baltimore},
  year =	 2013,
  edition =	 {4th}
}

@Misc{amsmath,
  author =	 {{American Mathematical Society}},
  title =	 {User's Guide for the \texttt{amsmath} Package
                  (Version 2.0)},
  url =		 {ftp://ftp.ams.org/pub/tex/doc/amsmath/amsldoc.pdf},
  urldate =	 {2015-07-30},
  year =	 2002}

@Misc{shortmath,
  author =	 {Michael Downes},
  title =	 {Short Math Guide for {\LaTeX}},
  url =		 {ftp://ftp.ams.org/pub/tex/doc/amsmath/short-math-guide.pdf},
  urldate =	 {2015-07-30},
  year =	 2002}

@Misc{pgfplots,
  author =	 {Christian Feuers\"anger},
  title =	 {Manual for Package \texttt{PGFPLOTS}},
  month =	 may,
  year =	 2015,
  url =		 {http://sourceforge.net/projects/pgfplots}
}

@book{davis2006direct,
  title={Direct methods for sparse linear systems},
  author={Davis, Timothy A},
  year={2006},
  publisher={SIAM}
}

@article{escobedo2015roundoff,
  title={Roundoff-Error-Free Algorithms for Solving Linear Systems via
    {Cholesky} and {LU} Factorizations},
  author={Escobedo, Adolfo R and Moreno-Centeno, Erick},
  journal={INFORMS Journal on Computing},
  volume={27},
  number={4},
  pages={677--689},
  year={2015},
  publisher={INFORMS}
}

@article{gilbert1988sparse,
  title={Sparse partial pivoting in time proportional to arithmetic operations},
  author={Gilbert, John R and Peierls, Tim},
  journal={SIAM Journal on Scientific and Statistical Computing},
  volume={9},
  number={5},
  pages={862--874},
  year={1988},
  publisher={SIAM}
}

@article{lee1995fraction,
  title={Fraction free Gaussian elimination for sparse matrices},
  author={Lee, Hong R and Saunders, B David},
  journal={Journal of symbolic computation},
  volume={19},
  number={5},
  pages={393--402},
  year={1995},
  publisher={Elsevier}
}

@phdthesis{steffy2011topics,
  title={Topics in exact precision mathematical programming},
  author={Steffy, Daniel E},
  year={2011},
  school={Georgia Institute of Technology}
}

@article{bareiss1968sylvester,
  title={Sylvester’s identity and multistep integer-preserving Gaussian elimination},
  author={Bareiss, Erwin H},
  journal={Mathematics of computation},
  volume={22},
  number={103},
  pages={565--578},
  year={1968}
}

@inproceedings{dhiflaoui2003certifying,
  title={Certifying and repairing solutions to large lps how good are lp-solvers?},
  author={Dhiflaoui, Marcel and Funke, Stefan and Kwappik, Carsten and Mehlhorn, Kurt and Seel, Michael and Sch{\"o}mer, Elmar and Schulte, Ralph and Weber, Dennis},
  booktitle={Proceedings of the fourteenth annual ACM-SIAM symposium on Discrete algorithms},
  pages={255--256},
  year={2003},
  organization={Society for Industrial and Applied Mathematics}
}

@article{edmonds1967systems,
  title={Systems of distinct representatives and linear algebra},
  author={Edmonds, Jack},
  journal={J. Res. Nat. Bur. Standards Sect. B},
  volume={71},
  pages={241--245},
  year={1967}
}

@book{bazaraa2011linear,
  title={Linear programming and network flows},
  author={Bazaraa, Mokhtar S and Jarvis, John J and Sherali, Hanif D},
  year={2011},
  publisher={John Wiley \& Sons}
}

@article{koch2004final,
  title={The final NETLIB-LP results},
  author={Koch, Thorsten},
  journal={Operations Research Letters},
  volume={32},
  number={2},
  pages={138--142},
  year={2004},
  publisher={Elsevier}
}

@article{applegate2007exact,
  title={Exact solutions to linear programming problems},
  author={Applegate, David L and Cook, William and Dash, Sanjeeb and Espinoza, Daniel G},
  journal={Operations Research Letters},
  volume={35},
  number={6},
  pages={693--699},
  year={2007},
  publisher={Elsevier}
}

@article{davis2006csparse,
  title={CSparse},
  author={Davis, TA},
  journal={Society for Industrial and Applied Mathematics, Philadephia, PA},
  year={2006}
}

@article{montante1977metodo,
  title={Un m{\'e}todo n{\'u}merico para c{\'a}lculo matricial},
  author={Montante-Pardo, Ren{\'e} M and M{\'e}ndez-Cavazos, Marco A},
  journal={Revista T{\'e}cnico-Cient{\'\i}fica de Divulgaci{\'o}n},
  volume={2},
  pages={1--24},
  year={1977}
}

@article{edmonds1997note,
  title={Note sur les $ Q $-matrices d'Edmonds},
  author={Edmonds, Jack and Maurras, J-F},
  journal={Revue fran{\c{c}}aise d'automatique, d'informatique et de recherche op{\'e}rationnelle. Recherche op{\'e}rationnelle},
  volume={31},
  number={2},
  pages={203--209},
  year={1997}
}

@article{hadamard1893resolution,
  title={R{\'e}solution d’une question relative aux d{\'e}terminants},
  author={Hadamard, Jacques},
  journal={Bull. sci. math},
  volume={17},
  number={1},
  pages={240--246},
  year={1893}
}

@article{bareiss1972computational,
  title={Computational solutions of matrix problems over an integral domain},
  author={Bareiss, Erwin H},
  journal={IMA Journal of Applied Mathematics},
  volume={10},
  number={1},
  pages={68--104},
  year={1972},
  publisher={IMA}
}

@misc{schrijver1986theory,
  title={Theory of integer and linear programming},
  author={Schrijver, Alexander},
  year={1986},
  publisher={Wiley, Chichester}
}

@article{nakos1997fraction,
  title={Fraction-free algorithms for linear and polynomial equations},
  author={Nakos, George C and Turner, Peter R and Williams, Robert M},
  journal={ACM SIGSAM Bulletin},
  volume={31},
  number={3},
  pages={11--19},
  year={1997},
  publisher={ACM}
}

@article{zhou2008fraction,
  title={Fraction-free matrix factors: new forms for {LU} and {QR} factors},
  author={Zhou, Wenqin and Jeffrey, David J},
  journal={Frontiers of Computer Science in China},
  volume={2},
  number={1},
  pages={67--80},
  year={2008},
  publisher={Springer}
}

@phdthesis{escobedo2016foundational,
  title={Foundational Factorization Algorithms for the Efficient Roundoff-Error-Free Solution of Optimization Problems},
  author={Escobedo, Adolfo Raphael},
  year={2016}
}

@article{davis2016survey,
  title={A survey of direct methods for sparse linear systems},
  author={Davis, Timothy A and Rajamanickam, Sivasankaran and Sid-Lakhdar, Wissam M},
  journal={Acta Numerica},
  volume={25},
  pages={383--566},
  year={2016},
  publisher={Cambridge Univ Press}
}

@article{schonhage1971schnelle,
  title={Schnelle multiplikation grosser zahlen},
  author={Sch{\"o}nhage, Arnold and Strassen, Volker},
  journal={Computing},
  volume={7},
  number={3-4},
  pages={281--292},
  year={1971},
  publisher={Springer}
}

@book{knuth1998art,
  title={The art of computer programming: sorting and searching},
  author={Knuth, Donald Ervin},
  volume={3},
  year={1998},
  publisher={Pearson Education}
}

@article{yannakakis1981computing,
  title={Computing the minimum fill-in is NP-complete},
  author={Yannakakis, Mihalis},
  journal={SIAM Journal on Algebraic Discrete Methods},
  volume={2},
  number={1},
  pages={77--79},
  year={1981},
  publisher={SIAM}
}

@article{amestoy1996approximate,
  title={An approximate minimum degree ordering algorithm},
  author={Amestoy, Patrick R and Davis, Timothy A and Duff, Iain S},
  journal={SIAM Journal on Matrix Analysis and Applications},
  volume={17},
  number={4},
  pages={886--905},
  year={1996},
  publisher={SIAM}
}

@article{abbott2001tight,
  title={How tight is Hadamard's bound?},
  author={Abbott, John and Mulders, Thorn},
  journal={Experimental Mathematics},
  volume={10},
  number={3},
  pages={331--336},
  year={2001},
  publisher={Taylor \& Francis}
}

@article{escobedoupdate,
  title={Update Algorithms for the Roundoff-Error-Free LU and Cholesky Factorizations},
  author={Escobedo, Adolfo R and Moreno-Centeno, Erick}
}

@misc{wilkinson1971handbook,
  title={Handbook for Automatic Computation, Volume II, Linear Algebra, Part 2},
  author={Wilkinson, James H and Reinsch, Christian},
  year={1971},
  publisher={Springer-Verlag, New York, Heidelberg, Berlin}
}

@article{gleixner2016iterative,
  title={Iterative Refinement for Linear Programming},
  author={Gleixner, Ambros M and Steffy, Daniel E and Wolter, Kati},
  journal={INFORMS Journal on Computing},
  volume={28},
  number={3},
  pages={449--464},
  year={2016}
}

@book{granlund2015gnu,
  title={GNU MP 6.0 Multiple Precision Arithmetic Library},
  author={Granlund, Torbjrn and others},
  year={2015},
  publisher={Samurai Media Limited}
}

@article{gilbert1994predicting,
  title={Predicting structure in sparse matrix computations},
  author={Gilbert, John R},
  journal={SIAM Journal on Matrix Analysis and Applications},
  volume={15},
  number={1},
  pages={62--79},
  year={1994},
  publisher={SIAM}
}

@article{cook2011solving,
  title={Solving very sparse rational systems of equations},
  author={Cook, William and Steffy, Daniel E},
  journal={ACM Transactions on Mathematical Software (TOMS)},
  volume={37},
  number={4},
  pages={39},
  year={2011},
  publisher={ACM}
}

@incollection{klotz2014identification,
  title={Identification, assessment, and correction of ill-conditioning and numerical instability in linear and integer programs},
  author={Klotz, Ed},
  booktitle={Bridging Data and Decisions},
  pages={54--108},
  year={2014},
  publisher={INFORMS}
}

@article{dixon1982exact,
  title={Exact solution of linear equations usingP-adic expansions},
  author={Dixon, John D},
  journal={Numerische Mathematik},
  volume={40},
  number={1},
  pages={137--141},
  year={1982},
  publisher={Springer}
}

@article{wiedemann1986solving,
  title={Solving sparse linear equations over finite fields},
  author={Wiedemann, Douglas},
  journal={IEEE transactions on information theory},
  volume={32},
  number={1},
  pages={54--62},
  year={1986},
  publisher={IEEE}
}

@article{wan2006algorithm,
  title={An algorithm to solve integer linear systems exactly using numerical methods},
  author={Wan, Zhendong},
  journal={Journal of Symbolic Computation},
  volume={41},
  number={6},
  pages={621--632},
  year={2006},
  publisher={Elsevier}
}

@PhdThesis{Wunderling1996,
  author       = "Roland Wunderling",
  title        = "Paralleler und objektorientierter {S}implex-{A}lgorithmus",
  school       = "Technische Universit{\"a}t Berlin",
  year         = "1996",
  note         = "\url{http://www.zib.de/Publications/abstracts/TR-96-09/}",
}

@inproceedings{cook2011exact,
  title={An exact rational mixed-integer programming solver},
  author={Cook, William and Koch, Thorsten and Steffy, Daniel E and Wolter, Kati},
  booktitle={International Conference on Integer Programming and Combinatorial Optimization},
  pages={104--116},
  year={2011},
  organization={Springer}
}

@article{gleixner2015exact,
  title={Exact and fast algorithms for mixed-integer nonlinear programming},
  author={Gleixner, Ambros M},
  year={2015}
}

@article{davis2004algorithmcolamd,
  title={Algorithm 836: {COLAMD},
    a column approximate minimum degree ordering algorithm},
  author={Davis, Timothy A and Gilbert, John R and Larimore, Stefan I and Ng, Esmond G},
  journal={ACM Transactions on Mathematical Software (TOMS)},
  volume={30},
  number={3},
  pages={377--380},
  year={2004},
  publisher={ACM}
}

@article{davis2004column,
  title={A column approximate minimum degree ordering algorithm},
  author={Davis, Timothy A and Gilbert, John R and Larimore, Stefan I and Ng, Esmond G},
  journal={ACM Transactions on Mathematical Software (TOMS)},
  volume={30},
  number={3},
  pages={353--376},
  year={2004},
  publisher={ACM}
}

@article{davis2004algorithmU,
  title={Algorithm 832: UMFPACK V4. 3---an unsymmetric-pattern multifrontal method},
  author={Davis, Timothy A},
  journal={ACM Transactions on Mathematical Software (TOMS)},
  volume={30},
  number={2},
  pages={196--199},
  year={2004},
  publisher={ACM}
}

@misc{davis2020suitesparse,
  title={{SuiteSparse}},
  author={Davis, T.},
  note={http://faculty.cse.tamu.edu/davis/suitesparse.html},
  year={2020}
}

@article{amestoy2004algorithmamd,
  title={Algorithm 837: {AMD}, an approximate minimum degree ordering algorithm},
  author={Amestoy, Patrick R and Davis, Timothy A and Duff, Iain S},
  journal={ACM Transactions on Mathematical Software (TOMS)},
  volume={30},
  number={3},
  pages={381--388},
  year={2004},
  publisher={ACM}
}

@book{schrijver1998theory,
  title={Theory of linear and integer programming},
  author={Schrijver, Alexander},
  year={1998},
  publisher={John Wiley \& Sons}
}

@inproceedings{sofi2015performance,
  title={Performance profile comparison using matlab},
  author={Sofi, A and Mamat, Mustafa and Mohid, S and Ibrahim, M and Khalid, Nurkaliza},
  booktitle={Proceedings of International Conference on Information Technology \& Society},
  volume={2015},
  year={2015}
}

@inproceedings{gleixner2012improving,
  title={Improving the accuracy of linear programming solvers with iterative refinement},
  author={Gleixner, Ambros M and Steffy, Daniel E and Wolter, Kati},
  booktitle={Proceedings of the 37th International Symposium on Symbolic and Algebraic Computation},
  pages={187--194},
  year={2012},
  organization={ACM}
}

@article{fousse2007mpfr,
  title={MPFR: A multiple-precision binary floating-point library with correct rounding},
  author={Fousse, Laurent and Hanrot, Guillaume and Lef{\`e}vre, Vincent and P{\'e}lissier, Patrick and Zimmermann, Paul},
  journal={ACM Transactions on Mathematical Software (TOMS)},
  volume={33},
  number={2},
  pages={13},
  year={2007},
  publisher={ACM}
}

@article{escobedo2017roundoff,
  title={Roundoff-Error-Free Basis Updates of LU Factorizations for the Efficient Validation of Optimality Certificates},
  author={Escobedo, Adolfo R and Moreno-Centeno, Erick},
  journal={SIAM Journal on Matrix Analysis and Applications},
  volume={38},
  number={3},
  pages={829--853},
  year={2017},
  publisher={SIAM}
}

@phdthesis{espinoza2006linear,
  title={On linear programming, integer programming and cutting planes},
  author={Espinoza, Daniel G},
  year={2006},
  school={Georgia Institute of Technology}
}

@article{suhl1993fast,
  title={A fast LU update for linear programming},
  author={Suhl, Leena M and Suhl, Uwe H},
  journal={Annals of Operations Research},
  volume={43},
  number={1},
  pages={33--47},
  year={1993},
  publisher={Springer}
}

@article{applegate2007qsopt,
  title={QSopt ex},
  author={Applegate, DL and Cook, W and Dash, S and Espinoza, DG},
  journal={World Wide Web. http://www. dii. uchile. cl/\~{} daespino/QSoptExact\_doc/main. html},
  year={2007}
}

@misc{wunderling1997soplex,
  title={SoPlex: The sequential object-oriented simplex class library},
  author={Wunderling, Roland},
  year={1997},
  publisher={ZIB}
}

@article{neumaier2004safe,
  title={Safe bounds in linear and mixed-integer linear programming},
  author={Neumaier, Arnold and Shcherbina, Oleg},
  journal={Mathematical Programming},
  volume={99},
  number={2},
  pages={283--296},
  year={2004},
  publisher={Springer}
}

@article{gilbert1992sparse,
  title={Sparse matrices in MATLAB: Design and implementation},
  author={Gilbert, John R and Moler, Cleve and Schreiber, Robert},
  journal={SIAM Journal on Matrix Analysis and Applications},
  volume={13},
  number={1},
  pages={333--356},
  year={1992},
  publisher={SIAM}
}

@book{horn2012matrix,
  title={Matrix analysis},
  author={Horn, Roger A and Johnson, Charles R},
  year={2012},
  publisher={Cambridge university press}
}

@article{ordonez2003computational,
  title={Computational experience and the explanatory value of condition measures for linear optimization},
  author={Ord{\'o}{\~n}ez, Fernando and Freund, Robert M},
  journal={SIAM Journal on Optimization},
  volume={14},
  number={2},
  pages={307--333},
  year={2003},
  publisher={SIAM}
}

@article{lerman2012silico,
  title={In silico method for modelling metabolism and gene product expression at genome scale},
  author={Lerman, Joshua A and Hyduke, Daniel R and Latif, Haythem and Portnoy, Vasiliy A and others},
  journal={Nature communications},
  volume={3},
  year={2012},
  publisher={NIH Public Access}
}

@article{chindelevitch2014exact,
  title={An exact arithmetic toolbox for a consistent and reproducible structural analysis of metabolic network models},
  author={Chindelevitch, Leonid and Trigg, Jason and Regev, Aviv and Berger, Bonnie},
  journal={Nature communications},
  volume={5},
  year={2014},
  publisher={Nature Publishing Group}
}

@article{burton2012computing,
  title={Computing the crosscap number of a knot using integer programming and normal surfaces},
  author={Burton, Benjamin A and Ozlen, Melih},
  journal={ACM Transactions on Mathematical Software (TOMS)},
  volume={39},
  number={1},
  pages={4},
  year={2012},
  publisher={ACM}
}

@article{gartner1999exact,
  title={Exact arithmetic at low cost--a case study in linear programming},
  author={G{\"a}rtner, Bernd},
  journal={Computational Geometry},
  volume={13},
  number={2},
  pages={121--139},
  year={1999},
  publisher={Elsevier}
}

@article{escobedo2018validation,
  title={Solution of Dense Linear Systems vai Roundoff-Error-Free Factorization Algorithms: Thoeretical Connections and Computational Comparisons},
  author={Escobedo, Adolfo R and Moreno-Centeno, Erick and Lourenco, Christopher},
  journal={ACM Transactions on Mathematical Software},
  year={2018},
}

@article{hales2005proof,
  title={A proof of the Kepler conjecture},
  author={Hales, Thomas C},
  journal={Annals of mathematics},
  pages={1065--1185},
  year={2005},
  publisher={JSTOR}
}

@article{lourenco2019exact,
  title={Exact Solution of Sparse Linear Systems via Left-Looking Roundoff-Error-Free LU Factorization in Time Proportional to Arithmetic Work},
  author={Lourenco, Christopher and Escobedo, Adolfo R and Moreno-Centeno, Erick and Davis, Timothy A},
  journal={SIAM Journal on Matrix Analysis and Applications},
  volume={40},
  number={2},
  pages={609--638},
  year={2019},
  publisher={SIAM}
}
